@string{cr= "Chem. Rev."}
@string{arpc= "Ann. Rev. Phys. Chem."}
@string{jctc= "J. Chem. Theory Comput."}
@string{jcp =  "J. Chem. Phys."}
@string{jmc =  "J. Math. Chem."}
@string{mp =   "Mol. Phys."}
@string{jcc =  "J. Comput. Chem."}
@string{cpl =  "Chem. Phys. Lett."}
@string{pccp = "Phys. Chem. Chem. Phys."}
@string{jpca = "J. Phys. Chem. A"}
@string{jpcb = "J. Phys. Chem. B"}
@string{jpcc = "J. Phys. Chem. C"}
@string{jpc =  "J. Phys. Chem."}
@string{tca =  "Theor. Chem. Acc."}
@string{acta = "Theor. Chim. Acta"}
@string{ijqc = "Int. J. Quantum Chem."}
@string{ijqcs = "Int. J. Quantum Chem. Symp."}
@string{jms =  "J. Mol. Spectrosc."}
@string{annp = "Ann. Phys."}
@string{zpc  = "Z. Phys. Chem."}
@string{zfp  = "Z. Phys."}
@string{zfpd  ="Z. Phys. D"}
@string{rmp  = "Rev. Mod. Phys."}
@string{prsla ="Proc. Roy. Soc. London Ser. A."}
@string{jpb =  "J. Phys. B: At. Mol. Opt. Phys."}
@string{pcps = "Math. Proc. Cam. Phil. Soc."}
@string{jcim = "J. Chem. Inf. Model."}
@string{jpcrd ="J. Phys. Chem. Ref. Data"}
@string{cp =   "Chem. Phys."}
@string{jpcs = "J. Phys. Conf. Ser."}
@string{saa =  "Spectrochim. Acta A"}
@string{jmst = "J. Mol. Struct. THEOCHEM"}
@string{cpam = "Commun.\ Pure Appl.\ Math."}
@string{cmp = "Commun.\ Math. Phys."}
@string{pra =  "Phys. Rev. A"}
@string{prb =  "Phys. Rev. B"}
@string{pre =  "Phys. Rev. E"}
@string{prl =  "Phys. Rev. Lett."}
@string{pr =   "Phys. Rev."}
@string{jacs = "J. Am. Chem. Soc."}
@string{ac=    "Angew. Chem. Int. Ed."}
@string{irpc=  "Int. Rev. Phys. Chem."}
@string{chimia="CHIMIA"}
@string{cpcom= "Comput. Phys. Commun."}
@string{cpc= "ChemPhysChem"}
@string{aqc= "Adv. Quant. Chem."}
@string{acp= "Adv. Chem. Phys."}
@string{jpoc= "J. Phys. Org. Chem."}
@string{jsc= "J. Sulfur Chem."}
@string{app= "Acta Phys. Pol."}
@string{appa= "Acta Phys. Pol. A"}
@string{ijmpe = "Int. J. Mod. Phys. E"}
@string{ps = "Physica Scripta"}
@string{josa = "J. Opt. Soc. Am."}
@string{science = "Science"}
@string{ptrsa = "Phil. Trans. Roy. Soc. A"}
@string{aa = "A\&A"}
@string{cccc = "Collect. Czech. Chem. Commun."}
@string{jpcm = "J. Phys.: Condens. Matter"}
@string{jcompp = "J. Comput. Phys."}

@article{Millis2013,
Author = {Gull, Emanuel and Parcollet, Olivier and Millis, Andrew J},
Title = {Superconductivity and the pseudogap in the two-dimensional hubbard model},
Journal = prl,
Year = {2013},
Volume = {110},
Number = {21},
pages = {216405},
}

@article{Millis2012,
Author = {Lin, Nan and Gull, Emanuel and Millis, Andrew J.},
Title = {Two-Particle Response in Cluster Dynamical Mean-Field Theory: Formalism
   and Application to the Raman Response of High-Temperature
   Superconductors},
Journal = prl,
Year = {2012},
Volume = {109},
Number = {10},
Article-Number = {106401},
}

@misc{Gali2013,
    Author = {John E. Coulter and Efstratios Manousakis and Adam Gali},
    Year = {2013},
    note = {arXiv:1306.4948},
}

@article{Mona2013,
Author = {Mukherjee, Anamitra and Sawatzky, George A. and Berciu, Mona},
Title = {Variational approach for calculating Auger electron spectra: Going
   beyond the impurity approximation},
Journal = prb,
Year = {2013},
Volume = {87},
Number = {16},
pages = {165136},
}

@article{Chan2013,
Author = {Knizia, Gerald and Chan, Garnet Kin-Lic},
Title = {Density Matrix Embedding: A Strong-Coupling Quantum Embedding Theory},
Journal = jctc, 
Year = {2013},
Volume = {9},
Number = {3},
Pages = {1428-1432},
}

@article{Chan2012,
Author = {Knizia, Gerald and Chan, Garnet Kin-Lic},
Title = {Density Matrix Embedding: A Simple Alternative to Dynamical Mean-Field
   Theory},
Journal = prl, 
Year = {2012},
Volume = {109},
Number = {18},
pages = {186404},
}

@incollection{FetterandW,
    author = {Fetter, LA and Walecka, JD},
    booktitle = {Quantum Theory of Many-Particle Systems},
    year = {2003},
    Publisher = {Dover},
    isbn = {0486428273},
    }


@article{Hutchings1972,
    Author = {Hutchings, MT and Samuelsen, EJ},
    Title = {Measurement of spin-wave dispersion in nio by inelastic
           neutron-scattering and its relation to magnetic properties},
    Journal = {Phys. Rev. B},
    Year = {1972},
    Volume = {6},
    Number = {9},
    Pages = {3447-\&},
    DOI = {10.1103/PhysRevB.6.3447},
    Unique-ID = {ISI:A1972N771700028},
}


%Example of MEM in DMFT
@article{Liu2012,
Author = {Yao-Hua Chen and Hong-Shuai Tao and Dao-Xin Yao and Wu-Ming Liu},
journal = prl,
year = {2012},
Volume = {108},
Pages = {246402},
}

%Filter diagonalization
@article{Neuhauser95,
Author = {Wall, MR and Neuhauser, D},
Title = {EXTRACTION, THROUGH FILTER-DIAGONALIZATION, OF GENERAL QUANTUM
       EIGENVALUES OR CLASSICAL NORMAL-MODE FREQUENCIES FROM A SMALL NUMBER OF
              RESIDUES OR A SHORT-TIME SEGMENT OF A SIGNAL .1. THEORY AND APPLICATION
                 TO A QUANTUM-DYNAMICS MODEL},
Journal = jcp,
Year = {1995},
Volume = {102},
Number = {20},
Pages = {8011-8022},
}

@article{Balseiro1987,
Author = {Gagliano, ER and Balseiro, CA},
Title = {DYNAMIC PROPERTIES OF QUANTUM MANY-BODY SYSTEMS AT ZERO TEMPERATURE},
Journal = prl,
Year = {1987},
Volume = {59},
Number = {26},
Pages = {2999-3002},
}

@article{Nagase2010,
    Author = {Ohtsuka, Yuhki and Nagase, Shigeru},
    Title = {Projector Monte Carlo method based on Slater determinants: Test
           application to singlet excited states of H2O and LiF},
    Journal = {Chem. Phys. Lett.},
    Year = {2010},
    Volume = {485},
    Number = {4-6},
    Pages = {367-370},
}

%Gaussian propagation for Eckhart potential
@article{Berne1985,
author = {D. Thirumalai and B. C. Garrett and B. J. Berne},
collaboration = {},
title = {Evaluation of microcanonical rate constants for bimolecular reactions by path integral techniques},
publisher = {AIP},
year = {1985},
journal = jcp, 
volume = {83},
number = {6},
pages = {2972-2975},
}
%Inverse laplace is difficult
@article{Berne1983,
Author = {Thirumalai, D and Berne, BJ},
journal = jcp,
Year = {1983},
Volume = {79},
Pages = {5029},
}
@article{Ceperley1988,
author = {Ceperley, DM and Bernu, B},
journal = jcp,
Year = {1988},
Volume = {89},
Pages = {6316},
}

@article{Martin1996,
    Author = {Kwon, YD and Ceperley DM and Martin RM},
    Journal = prb,
    Year = {1996},
    Volume = {53},
    Pages = {7376},
}

@article{Ceperley1997,
    Author = {Jones, MD and Ortiz, G and Ceperley, DM},
    Journal = pre,
    YEar = {1997},
    Volume = {55},
    Number = {5},
}

@article{Umrigar2009,
    Author = {Zimmerman, PM and Toulouse, J and Zhang, Z and Musgrave, CB and Umrigar, CJ},
    Journal = jcp,
    Year = {2009},
    Volume = {131},
    Pages = {124103},
}

%Uniqueness of inverse laplace-transform for rel-time correlation functions
@article{Baym1961,
Author = {G. Baym and N.D. Mermin},
Journal = {J. Math. Phys.},
Year = {1961},
Volume = {2},
Pages = {232},
}
%Review of methods to tackle real-time correlation functions
@article{Berne1991,
Author = {Thirumalai, D and Berne, BJ},
Title = {METHODS FOR SIMULATING TIME CORRELATION-FUNCTIONS IN QUANTUM-SYSTEMS},
Journal = cpcom,
Year = {1991},
Volume = {63},
Number = {1-3},
Pages = {415-426},
}
%Lanczos with (H-E)^2
% Journal = {NUOVO CIMENTO DELLA SOCIETA ITALIANA DI FISICA D-CONDENSED MATTER ATOMIC MOLECULAR AND CHEMICAL PHYSICS FLUIDS PLASMAS BIOPHYSICS},
@article{Grosso1993,
Author = {Grosso, G and Martinelli, L and Parravicini, GP},
Title = {A NEW METHOD FOR DETERMINING EXCITED-STATES OF QUANTUM-SYSTEMS},
Journal = {Nuovo Cimento D},
Year = {1993},
Volume = {15},
Number = {2-3},
Pages = {269-277},
}
%MC with e^(H-e)^2
@article{Hirsch1983,
Author = {Hirsch, JE and Schrieffer, JR},
Title = {DYNAMIC CORRELATION-FUNCTIONS IN QUANTUM-SYSTEMS - A MONTE-CARLO
   ALGORITHM},
Journal = {Phys. Rev. B},            
Year = {1983},
Volume = {28},
Number = {9},
Pages = {5353-5356},
}

%AFQMC
@article{Senatore1994,
    Author = {Senatore, G and March, NH},
    Journal = rmp,
    Year = {1994},
    Volume = {66},
    Pages = {445},
}

%PIQMC
@article{Ceperley1995,
    Author = {Ceperley, DM},
    Journal = rmp,
    Year = {1995},
    Volume = {67},
    Pages = {279},
}

%Excited state nodal constraint
@article{Lester1986,
    Author = {Grimes, RM and Hammond, BL and Reynolds, PJ and Lester, WA Jr.},
    Journal = jcp,
    Volume = {85},
    Year = {1986},
    Pages = {4749},
}

%MEM stuff
@article{Fuchs10,
    Author = {Fuchs, Sebastian and Pruschke, Thomas and Jarrell, Mark},
    Title = {Analytic continuation of quantum Monte Carlo data by stochastic
           analytical inference},
    Journal = pre, 
    Year = {2010},
    Volume = {81},
    Number = {5, Part 2},
}
@article{Gunnarsson10,
    Author = {Gunnarsson, O. and Haverkort, M. W. and Sangiovanni, G.},
    Title = {Analytical continuation of imaginary axis data using maximum entropy},
    Journal = prb, 
    Year = {2010},
    Volume = {81},
    Number = {15},
}
@article{Gubernatis91,
    Author = {Gubernatis, JE and Jarrell, M and Silver, RN and Sivia, DS},
    Title = {QUANTUM MONTE-CARLO SIMULATIONS AND MAXIMUM-ENTROPY - DYNAMICS FROM
           IMAGINARY-TIME DATA},
    Journal = {Phys. Rev. B},
    Year = {1991},
    Volume = {44},
    Number = {12},
    Pages = {6011-6029},
}
@article{Blume1997,
    Author = {Blume, D and Lewerenz, M and Niyaz, P and Whaley, KB},
    Title = {Excited states by quantum Monte Carlo methods: Imaginary time evolution
           with projection operators},
    Journal = {Phys. Rev. E},
    Year = {1997},
    Volume = {55},
    Number = {3, Part b},
    Pages = {3664-3675},
}

@article{Shepherd2012_3,
  title = {Convergence of many-body wave-function expansions using a plane-wave basis: From homogeneous electron gas to solid state systems},
  author = {Shepherd, James J. and Gr\"uneis, Andreas and Booth, George H. and Kresse, Georg and Alavi, Ali},
  journal = {Phys. Rev. B},
  volume = {86},
  issue = {3},
  pages = {035111},
  numpages = {14},
  year = {2012},
}
@article{Shepherd2012_2,
    author = {James J. Shepherd and George H. Booth and Ali Alavi},
    title = {Investigation of the full configuration interaction quantum Monte Carlo method using homogeneous electron gas models},
    publisher = {AIP},
    year = {2012},
	journal = {J. Chem. Phys.},
    volume = {136},
    number = {24},
    eid = {244101},
    numpages = {14},
    pages = {244101},
}
@article{Shepherd2012_1,
  title = {Full configuration interaction perspective on the homogeneous electron gas},
  author = {Shepherd, James J. and Booth, George and Gr\"uneis, Andreas and Alavi, Ali},
  journal = {Phys. Rev. B},
  volume = {85},
  issue = {8},
  pages = {081103},
  numpages = {4},
  year = {2012},
  publisher = {American Physical Society}
}
@ARTICLE{BoothC2,
	author	    = {G.~H.~Booth and D.~Cleland and A.~J.~W.~Thom and A.~Alavi},
	title	    = "Breaking the carbon dimer: The challenges of multiple bond dissociation with full configuration interaction quantum Monte Carlo methods",
	journal     = {J. Chem. Phys.},
	year	    = {2011},
	volume	    = {135},
	pages	    = {084104}
}
@article{CBA2011,
    Author = {Cleland, D. M. and Booth, George H. and Alavi, Ali},
    Title = {A study of electron affinities using the initiator approach to full
           configuration interaction quantum Monte Carlo},
    Journal = {J. Chem. Phys.},
    Year = {2011},
    Volume = {134},
    Number = {2},
    pages = {024112},
}

@article{Davidson1975,
    Author = {Davidson, ER},
    Journal = {J. Comput. Phys.},
    Year = {1975},
    Volume = {17},
    Pages = {87-94},
}

@article{Millis2011,
    Author = {Gull, E and Millis, AJ and Lichtenstein, AI and Rubtsov, AN and Troyer, M and Werner, P},
    Journal = rmp,
    Year = {2011},
    Volume = {83},
    Pages = {349},
}


@misc{UmrigarArXiv,
    Author = {Petruzielo, FR and Holmes, AA and Changlani, HJ and Nightingale, MP and Umrigar, CJ},
    Year = {2012},
    note = {arXiv:1207.6138},
}

@misc{BoothF12,
    Author = {Booth, GH and Cleland, D and Alavi, A and Tew, DP},
    Year = {2012},
    note = {arXiv:1208.0980},
}

@article{Clark2012,
    Author = {Kolodrubetz, M and Clark, BK},
    Year = {2012},
    Volume = {86},
    Pages = {075109},
    journal = prb,
}

@article{BA2010,
    Author = {Booth, George H. and Alavi, Ali},
    Title = {Approaching chemical accuracy using full configuration-interaction
           quantum Monte Carlo: A study of ionization potentials},
    Journal = {J. Chem. Phys.},
    Year = {2010},
    Volume = {132},
    Number = {17},
    pages = {174104},
    Unique-ID = {ISI:000277422900005},
}
@article{CBA2010,
    Author = {Cleland, Deidre and Booth, George H. and Alavi, Ali},
    Title = {Communications: Survival of the fittest: Accelerating convergence in
           full configuration-interaction quantum Monte Carlo},
    Journal = {J. Chem. Phys.},
    Year = {2010},
    Volume = {132},
    Number = {4},
    pages = {041103},
    Unique-ID = {ISI:000274180400003},
}
@article{BTA2009,
    Author = {Booth, George H. and Thom, Alex J. W. and Alavi, Ali},
    Title = {Fermion Monte Carlo without fixed nodes: A game of life, death, and
           annihilation in Slater determinant space},
    Journal = {J. Chem. Phys.},
    Year = {2009},
    Volume = {131},
    Number = {5},
    pages = {054106},
    Unique-ID = {ISI:000268809800006},
}
@article{Spencer2012,
Author = {Spencer, J. S. and Blunt, N. S. and Foulkes, W. M. C.},
Title = {The sign problem and population dynamics in the full configuration
   interaction quantum Monte Carlo method},
Journal = {J. Chem. Phys.},              
Year = {2012},
Volume = {136},
Number = {5},
Article-Number = {054110},
}

@article{Boys1960,
Author = {Boys, SF},
Title = {THE INTEGRAL FORMULAE FOR THE VARIATIONAL SOLUTION OF THE MOLECULAR MANY-ELECTRON WAVE EQUATION IN TERMS OF GAUSSIAN FUNCTIONS WITH DIRECT ELECTRONIC CORRELATION},
journal = {Proc. R. Soc. Lon. A},
Year = {1960},
Volume = {258},
Number = {1294},
Pages = {402-411},
DOI = {10.1098/rspa.1960.0195},
Unique-ID = {ISI:A1960WU35300008},
}
@article{Handy69,
    Author = {Boys, SF and Handy, NC},
    Title = {DETERMINATION OF ENERGIES AND WAVEFUNCTIONS WITH FULL ELECTRONIC CORRELATION},
    Journal = {Proc. R. Soc. Lond. A},
    Year = {1969},
    Volume = {310},
    Number = {1500},
    Pages = {43},
}
@article{Kato:CPAM10-151,
author = {Kato, T},
collaboration = {},
title = {},
publisher = {},
year = {1957},
journal = cpam,
volume = {10},
number = {},
pages = {151--177},
}

@article{Pack:JCP45-556,
author = {Russell T Pack and W. {Byers Brown}},
collaboration = {},
title = {Cusp Conditions for Molecular Wavefunctions},
publisher = {AIP},
year = {1966},
journal = jcp,
volume = {45},
number = {2},
pages = {556--559},
doi = {10.1063/1.1727605}
}

@article{Tew:JCP125-094302,
author = {David P. Tew and Wim Klopper},
collaboration = {},
title = {A comparison of linear and nonlinear correlation factors for basis set limit M[o-slash]ller-Plesset second order binding energies and structures of He[sub 2], Be[sub 2], and Ne[sub 2]},
publisher = {AIP},
year = {2006},
journal = jcp,
volume = {125},
number = {9},
eid = {094302},
numpages = {15},
pages = {094302},
}


@article{Hattig:CR112-4,
author = {H{\"a}ttig, Christof and Klopper, Wim and K{\"o}hn, Andreas and Tew, David P.},
title = {Explicitly Correlated Electrons in Molecules},
journal = cr,
volume = {112},
number = {1},
pages = {4--74},
year = {2012},
}

@article{Kong:CR112-75,
author = {Kong, Liguo and Bischoff, Florian A. and Valeev, Edward F.},
title = {Explicitly Correlated R12/F12 Methods for Electronic Structure},
journal = cr,
volume = {112},
number = {1},
pages = {75--107},
year = {2012},
}

@incollection{Tew:BOOK2010,
author={David P. Tew and Christof H\"attig and Rafa{\l} A. Bachorz and Wim Klopper},
title={\textit{Explicitly Correlated Coupled-Cluster Theory}},
booktitle={Recent Progress in Coupled Cluster Methods -- Theory and Applications},
year={2010},
editor={Petr \v{C}\'arsky and Josef Paldus and Ji\v{r}\'{\i} Pittner},
address={Dordrecht, Heidelberg, London, New York},
publisher={Springer},
pages={535--572},
isbn={978-90-481-2884-6}
}

@incollection{Werner:BOOK2010,
author={Hans-Joachim Werner and Thomas B Adler and Gerald Knizia and Frederick R Manby},
title={\textit{Efficient explicitly correlated coupled-cluster approximations}},
booktitle={Recent Progress in Coupled Cluster Methods -- Theory and Applications},
year={2010},
editor={Petr \v{C}\'arsky and Josef Paldus and Ji\v{r}\'{\i} Pittner},
address={Dordrecht, Heidelberg, London, New York},
publisher={Springer},
pages={573--620},
isbn={978-90-481-2884-6}
}

@article{Klopper87,
    Author = {Klopper, W and Kutzelnigg, W},
    Title = {MOLLER-PLESSET CALCULATIONS TAKING CARE OF THE CORRELATION CUSP},
    Journal = cpl,
    Year = {1987},
    Volume = {134},
    Number = {1},
    Pages = {17-22},
    Unique-ID = {ISI:A1987G352200004},
}
@article{Kutzelnigg:TCA68-445,
author = {Werner Kutzelnigg},
title = {r12-Dependent terms in the wave function as closed sums of partial wave amplitudes for large l},
year = {1985},
journal = acta,
publisher = {Springer Berlin / Heidelberg},
volume = {68},
number = {6},
pages = {445--469},
doi = {10.1007/BF00527669}
}

@article{Kutzelnigg:JCP94-1985,
author = {Werner Kutzelnigg and Wim Klopper},
collaboration = {},
title = {Wave functions with terms linear in the interelectronic coordinates to take care of the correlation cusp. I. General theory},
publisher = {AIP},
year = {1991},
journal = jcp,
volume = {94},
number = {3},
pages = {1985--2001},
keywords = {ELECTRON CORRELATION; ELECTRONIC STRUCTURE; WAVE FUNCTIONS; PERTURBATION THEORY; CONFIGURATION INTERACTION},
doi = {10.1063/1.459921}
}

@article{Noga:JCP101-7738,
author = {Jozef Noga and Werner Kutzelnigg},
collaboration = {},
title = {Coupled cluster theory that takes care of the correlation cusp by inclusion of linear terms in the interelectronic coordinates},
publisher = {AIP},
year = {1994},
journal = jcp,
volume = {101},
number = {9},
pages = {7738--7762},
keywords = {CORRELATION FUNCTIONS; COORDINATES; ELECTRONS; WAVE FUNCTIONS; CORRECTIONS; QUANTUM CHEMISTRY; ELECTRON CORRELATION; CONFIGURATION INTERACTION},
doi = {10.1063/1.468266}
}

@article{Klopper:JCP116-6397,
author = {Wim Klopper and Claire C. M. Samson},
collaboration = {},
title = {Explicitly correlated second-order M[o-slash]ller--Plesset methods with auxiliary basis sets},
publisher = {AIP},
year = {2002},
journal = jcp,
volume = {116},
number = {15},
pages = {6397--6410},
keywords = {wave functions; orbital calculations; atomic structure; molecular electronic states; electron correlations; perturbation theory},
doi = {10.1063/1.1461814}
}


@article{Valeev:CPL395-190,
author = {Edward F. Valeev},
title = {Improving on the resolution of the identity in linear R12 ab initio theories},
year = {2004},
journal = cpl,
volume = {395},
number = {4--6},
pages = {190--195},
}

@article{Tew:PCCP9-1921,
author = {David P. Tew and Wim Klopper and Christian Neiss and Christof H\"{a}ttig},
title = {Quintuple-$\zeta$ quality coupled-cluster correlation energies with triple-$\zeta$ basis sets},
year = {2007},
journal = pccp,
volume = {9},
number = {},
pages = {1921--1930},
doi = {10.1039/b617230j}
}

@article{Gdanitz:CPL210-253,
title = "A formulation of multiple-reference CI with terms linear in the interelectronic distances",
journal = cpl,
volume = "210",
number = "1--3",
pages = "253--260",
year = "1993",
note = "",
author = "Robert J. Gdanitz"
}

@article{Gdanitz:CPL283-253,
title = "Accurately solving the electronic Schrödinger equation of atoms and molecules using explicitly correlated (r12-)MR-CI: the ground state potential energy curve of N2",
journal = cpl,
volume = "283",
number = "5--6",
pages = "253--261",
year = "1998",
note = "",
author = "Robert J. Gdanitz"
}

@article{Ten-no:CPL446-175,
title = "A simple F12 geminal correction in multi-reference perturbation theory",
journal = cpl,
volume = "447",
number = "1--3",
pages = "175--179",
year = "2007",
note = "",
author = "Seiichiro Ten-no"
}

@article{Shiozaki:JCP131-141103,
author = {Toru Shiozaki and Hans-Joachim Werner},
journal = jcp,
title = {Communication: Second-order multireference perturbation theory with explicit correlation: CASPT2-F12},
abstract = { Phys. 121, 117 (2004). See supplementary material at http://dx.doi.org/ / for computational details and additional information. H.-J.Werner, TBAdler, and FRManby, ``General orbital invariant MP2-F12 theory,'' J. Chem. Phys. 126, 164102 (2007). },
pages = {141103},
volume = {131},
year = {2010},
}



@article{Shiozaki:JCP134-034113,
author = {Toru Shiozaki and Gerald Knizia and Hans-Joachim Werner},
journal = jcp,
title = {Explicitly correlated multireference configuration interaction: MRCI-F12},
number = {3},
pages = {034113},
volume = {134},
year = {2011},
keywords = {},
doi = {10.1063/1.3528720}
}

@article{Kohn:JCP132-024101,
author = {Andreas K{\"o}hn and David P Tew},
journal = jcp,
title = {Towards the Hartree--Fock and coupled-cluster singles and doubles basis set limit: A study of various models that employ single excitations into a complementary auxiliary basis set},
number = {2},
pages = {024101},
volume = {132},
year = {2010},
doi = {10.1063/1.3291040},
}

@article{Torheyden:JCP131-171103,
author = {Martin Torheyden and Edward F. Valeev},
collaboration = {},
title = {Universal perturbative explicitly correlated basis set incompleteness correction},
publisher = {AIP},
year = {2009},
journal = jcp,
volume = {131},
number = {17},
eid = {171103},
numpages = {4},
pages = {171103},
keywords = {approximation theory; configuration interactions; electron correlations; hydrogen compounds; nitrogen; perturbation theory; potential energy surfaces; wave functions},
doi = {10.1063/1.3254836}
}

@article{Kong:JCP135-214105,
author = {Liguo Kong and Edward F. Valeev},
collaboration = {},
title = {SF-[2][sub R12]: A spin-adapted explicitly correlated method applicable to arbitrary electronic states},
publisher = {AIP},
year = {2011},
journal = jcp,
volume = {135},
number = {21},
eid = {214105},
numpages = {7},
pages = {214105},
keywords = {correlation methods; electronic structure; perturbation theory; wave functions},
doi = {10.1063/1.3664729}
}

@article{Kong:JCP133-174126,
author = {Liguo Kong and Edward F. Valeev},
collaboration = {},
title = {Perturbative correction for the basis set incompleteness error of complete-active-space self-consistent field},
publisher = {AIP},
year = {2010},
journal = jcp,
volume = {133},
number = {17},
eid = {174126},
numpages = {8},
pages = {174126},
keywords = {ground states; perturbation theory; SCF calculations; wave functions},
doi = {10.1063/1.3499600}
}

@article{Foulkes2001,
  title = {Quantum Monte Carlo simulations of solids},
  author = {Foulkes, W. M. C. and Mitas, L. and Needs, R. J. and Rajagopal, G.},
  journal = {Rev. Mod. Phys.},
  volume = {73},
  issue = {1},
  pages = {33--83},
  year = {2001},
  month = {Jan},
  publisher = {American Physical Society}
}
@article{Yanai:JCP136-084107,
author = {Takeshi Yanai and Toru Shiozaki},
collaboration = {},
title = {Canonical transcorrelated theory with projected Slater-type geminals},
publisher = {AIP},
year = {2012},
journal = jcp,
volume = {136},
number = {8},
eid = {084107},
numpages = {9},
pages = {084107},
keywords = {electron correlations; quantum chemistry; STO calculations},
doi = {10.1063/1.3688225}
}

@article{Shiozaki:JCP134-184104,
author = {Toru Shiozaki and Hans-Joachim Werner},
collaboration = {},
title = {Explicitly correlated multireference configuration interaction with multiple reference functions: Avoided crossings and conical intersections},
publisher = {AIP},
year = {2011},
journal = jcp,
volume = {134},
number = {18},
eid = {184104},
numpages = {7},
pages = {184104},
keywords = {configuration interactions; energy level crossing; excited states; ground states; molecular electronic states; wave functions},
doi = {10.1063/1.3587632}
}

@article{Ondrej:PCCP14-4753,
author ="Demel, Ond\v{r}ej and Ked\v{z}uch, Stanislav and \v{S}va\v{n}a, Matej and Ten-no, Seiichiro and Pittner, Ji\v{r}\'{i} and Noga, Jozef",
title  ="An explicitly correlated Mukherjee{'}s state specific coupled cluster method: development and pilot applications",
journal  =pccp,
year  ="2012",
volume  ="14",
issue  ="14",
pages  ="4753--4762",
publisher  ="The Royal Society of Chemistry",
doi  ="10.1039/C2CP23198K",
}

@article{Kedzuch:CPL511-418,
title = "Multireference F12 coupled cluster theory: The Brillouin-Wigner approach with single and double excitations",
journal = cpl,
volume = "511",
number = "4--6",
pages = "418 -- 423",
year = "2011",
note = "",
author = "Stanislav Ked\v{z}uch and Ond\v{r}ej Demel and Ji\v{r}\'{i} Pittner and Seiichiro Ten-no and Jozef Noga"
}

@article{Haunschild:CPL531-247,
title = "A universal explicit electron correlation correction applied to Mukherjeeâ€™s multi-reference perturbation theory",
journal = cpl,
volume = "531",
number = "0",
pages = "247 -- 251",
year = "2012",
note = "",
author = "Robin Haunschild and Shuneng Mao and Debashis Mukherjee and Wim Klopper"
}


@article{Tew:JCP123-074101,
author = {David P. Tew and Wim Klopper},
collaboration = {},
title = {New correlation factors for explicitly correlated electronic wave functions},
publisher = {AIP},
year = {2005},
journal = jcp,
volume = {123},
number = {7},
eid = {074101},
numpages = {13},
pages = {074101},
keywords = {helium; wave functions; electronic structure},
doi = {10.1063/1.1999632}
}

@article{Ten-no:CPL398-56,
title = "Initiation of explicitly correlated Slater-type geminal theory",
journal = cpl,
volume = "398",
number = "1--3",
pages = "56--61",
year = "2004",
note = "",
author = "Seiichiro Ten-no"
}

@article{Ten-no:JCP121-117,
author = {Seiichiro Ten-no},
collaboration = {},
title = {Explicitly correlated second order perturbation theory: Introduction of a rational generator and numerical quadratures},
publisher = {AIP},
year = {2004},
journal = jcp,
volume = {121},
number = {1},
pages = {117--129},
keywords = {perturbation theory; electron correlations; enthalpy},
doi = {10.1063/1.1757439}
}


@article{Tew:MP108-315,
title = "Open-shell explicitly correlated F12 methods",
journal = mp,
author = "David P Tew and Wim Klopper",
volume = "108",
number = "3",
pages = "315--325",
year = "2010",
}

@article{Kedzuch:IJQC105-929,
author = {Stanislav Ked\v{z}uch and Mat\'{u} Milko and Jozef Noga},
title = {Alternative formulation of the matrix elements in MP2-R12 theory},
year = {2005},
journal = ijqc,
volume = {105},
number = {6},
pages = {929--936},
keywords = {explicitly correlated wavefunction;  correlation cusp; R12 theory; convergence toward the basis limit}
}


@article{Werner:JCP126-164102,
author = {Hans-Joachim Werner and Thomas B. Adler and Frederick R. Manby},
collaboration = {},
title = {General orbital invariant MP2-F12 theory},
publisher = {AIP},
year = {2007},
journal = jcp,
volume = {126},
number = {16},
eid = {164102},
numpages = {18},
pages = {164102},
keywords = {perturbation theory; orbital calculations; wave functions; reaction kinetics theory; electron correlations},
doi = {10.1063/1.2712434}
}

@article{Bachorz:JCC32-2492,
author = {Rafa\l A. Bachorz and Florian A. Bischoff and Andreas Gl\"o\ss and Christof H\"attig and Sebastian H\"ofener and Wim Klopper and David P. Tew},
journal = {J. Comput. Chem.},
title = {The MP2-F12 method in the Turbomole program package},
pages = {2492--2513},
volume = {32},
year = {2011},
}

@misc{dalton,
        author={{\sc Dalton}},
        title={a molecular electronic-structure program, Release 2.0, see http://www.kjemi.uio.no/software/dalton/dalton.html},
        howpublished={},
        month={},
        year={2005},
        note={},
        file={},
        comment={},
        lockkey={},
}
@article{Hylleraas1928,
    author = {Hylleraas, E. A.},
    journal = {Z. Phys.},
    year = {1928},
    volume = {48},
    pages = {469}
}
@article{Hylleraas1929,
    author = {Hylleraas, E. A.},
    journal = {Z. Phys.},
    year = {1929},
    volume = {54},
    pages = {347}
}
@article{Sahni2003,
    author = {Xiao-Yin Pan and Viraht Sahni},
    collaboration = {},
    title = {Integral coalescence conditions in D >= 2, dimension space},
    publisher = {AIP},
    year = {2003},
    journal = jcp,
    volume = {119},
    number = {14},
    pages = {7083-7086},
    keywords = {wave functions; quantum Hall effect; electron gas},
}
@article{Bartlett2010,
    Author = {Lyakh, Dmitry I. and Bartlett, Rodney J.},
    Title = {An adaptive coupled-cluster theory: @CC approach},
    Journal = {J. Chem. Phys.},
    Year = {2010},
    Volume = {133},
    Number = {24},
    Month = {DEC 28},
}

@article{Gubernatis1997,
    Author = {Zhang, SW and Carlson, J and Gubernatis, JE},
    Title = {Constrained path Monte Carlo method for fermion ground states},
    Journal = {Phys. Rev. B},
    Year = {1997},
    Volume = {55},
    Number = {12},
    Pages = {7464-7477},
    Month = {MAR 15},
}

@article{Greer1995,
    Author = {Greer, JC},
    Title = {ESTIMATING FULL CONFIGURATION-INTERACTION LIMITS FROM A MONTE-CARLO
           SELECTION OF THE EXPANSION SPACE},
    Journal = {J. Chem. Phys.},
    Year = {1995},
    Volume = {103},
    Number = {5},
    Pages = {1821-1828},
    Month = {AUG 1},
}
@article{Monaco2011,
    Title = {Iterative variational approach to finite many-body systems},
    Author = {Sambataro, M. and Gambacurta, D. and Lo Monaco, L.},
    Journal = {Phys. Rev. B},
    Year = {2011},
    Volume = {83},
    Number = {4},
    Pages = {045102},
    Month = {1 January},
}

@article{Franceschetti2008,
    Title = {An optimized configuration interaction method for calculating
           electronic excitations in nanostructures},
    Author = {Troparevsky, M.C. and Franceschetti, A.},
    Journal = {Journal of Physics: Condensed Matter},
    Year = {2008},
    Volume = {20},
    Number = {5},
    Pages = {055211-1-5},
    Month = {6 February},
}
@article{Mitrushenkov1995,
    title = "Passing the several billion limit in FCI calculations on a mini-computer. A norm-consistent zero CI threshold estimate within the dynamic CI approach",
    journal = "Chem. Phys. Lett.",
    volume = "235",
    number = "5-6",
    pages = "410 - 413",
    year = "1995",
    author = "Alexander O. Mitrushenkov and Yuri Yu. Dmitriev"
}

@article{Wulfov1996,
    title = "Passing the one-quadrillion limit in FCl extrapolations on a personal computer",
    journal = "Chem. Phys. Lett.",
    volume = "255",
    number = "4-6",
    pages = "300 - 308",
    year = "1996",
    author = "Alexander L. Wulfov"
}
@article{Hamann1991,
    Author = {Fahy, S and Hamann, DR},
    Title = {DIFFUSIVE BEHAVIOR OF STATES IN THE HUBBARD-STRATONOVITCH TRANSFORMATION},
    Journal = {Phys. Rev. B},
    Year = {1991},
    Volume = {43},
    Number = {1, Part B},
    Pages = {765-779},
    Month = {JAN 1},
}
@article{Olsen1988,
    Author = {Olsen, J and Roos, BO and J{\o}rgensen, P and Jensen, HJA},
    Title = {DETERMINANT BASED CONFIGURATION-INTERACTION ALGORITHMS FOR COMPLETE AND
           RESTRICTED CONFIGURATION-INTERACTION SPACES},
    Journal = {Chem. Phys. Lett.},
    Year = {1988},
    Volume = {89},
    Number = {4},
    Pages = {2185-2192},
}
@article{Paldus1989,
    Author = {Zarrabian, S and Sarma, CR and Paldus, J},
    Title = {VECTORIZABLE APPROACH TO MOLECULAR CI PROBLEMS USING DETERMINANTAL BASIS},
    Journal = {Chem. Phys. Lett.},
    Year = {1989},
    Volume = {155},
    Number = {2},
    Pages = {183-188},
    Month = {FEB 24},
}
@article{Evangelisti1993,
    Author = {Bendazzoli, GL and Evangelisti, S},
    Title = {A VECTOR AND PARALLEL FULL CONFIGURATION-INTERACTION ALGORITHM},
    Journal = {J. Chem. Phys.},
    Year = {1993},
    Volume = {98},
    Number = {4},
    Pages = {3141-3150},
    Month = {FEB 15},
}
@book{Helgie,
    author = {Trygve Helgaker and Poul J{\o}rgensen and Jeppe Olsen},
    title = {Molecular Electronic-Structure Theory},
    year = {2000},
    publisher = {Wiley}
}
@article{KnowlesMCSCF,
title = "An efficient second-order MC SCF method for long configuration expansions",
journal = cpl, 
volume = "115",
number = "3",
pages = "259 - 267",
year = "1985",
note = "",
issn = "0009-2614",
author = "Peter J. Knowles and Hans-Joachim Werner"
}
@article{werner:mcscf,
author = {Hans-Joachim Werner and Peter J. Knowles},
collaboration = {},
title = {A second order multiconfiguration SCF procedure with optimum convergence},
publisher = {AIP},
year = {1985},
journal = jcp,
volume = {82},
number = {11},
pages = {5053-5063},
doi = {10.1063/1.448627}
}
@article{Knowles1984,
    author   ={P. J. Knowles and N. C. Handy},
    journal  ={Chem. Phys. Lett.},
    volume   = 111,
    pages    = 315,
    year     =1984
}
@article{molproCCSDT,
    author = {M. J. O. Deegan and P. J. Knowles},
    journal = {Chem. Phys. Lett.},
    volume = 227,
    pages = 321,
    year = 1994
}
@article{Klochkova2000,
    author = {V. G. Klochkova, R. Szczerba and V. E. Panchuk},
    journal ={Astron. Lett.},
    volume = 26,
    pages = 88,
    year = 2000
}
@article{Knowles1988,
    author = {P.J. Knowles and H.-J. Werner},
    journal ={Chem. Phys. Lett.},
    volume = 145,
    pages = 514,
    year = 1988
}
@article{Weltner1989,
    author = {Weltner, William and Van Zee, Richard J.},
    title = {Carbon molecules, ions, and clusters},
    journal = {Chem. Rev.},
    volume = {89},
    number = {8},
    pages = {1713-1747},
    year = {1989},
}
@article{Knizia2007,
    author = {Thomas B. Adler and Gerald Knizia and Hans-Joachim Werner},
    collaboration = {},
    title = {A simple and efficient CCSD(T)-F12 approximation},
    publisher = {AIP},
    year = {2007},
    journal = jcp,                                   
    volume = {127},
    number = {22},
    eid = {221106},
    numpages = {4},
    pages = {221106},
}
@article{Werner1988,
    Author = {Werner, HJ and Knowles, PJ},
    Title = {AN EFFICIENT INTERNALLY CONTRACTED MULTICONFIGURATION REFERENCE
           CONFIGURATION-INTERACTION METHOD},
    Journal = {J. Chem. Phys.},
    Year = {1988},
    Volume = {89},
    Number = {9},
    Pages = {5803-5814},
    Unique-ID = {ISI:A1988Q766600054},
}
@article{Andersson1992,
    Author = {Andersson, K and Malmqvist, PA and Roos, BO},
    Title = {2ND-ORDER PERTURBATION-THEORY WITH A COMPLETE ACTIVE SPACE
           SELF-CONSISTENT FIELD REFERENCE FUNCTION},
    Journal = {J. Chem. Phys.},
    Year = {1992},
    Volume = {96},
    Number = {2},
    Pages = {1218-1226},
    Unique-ID = {ISI:A1992GZ91300040},
}
@article{Halkier1998_Extrap,
Author = {Halkier, A and Helgaker, T and Jorgensen, P and Klopper, W and Koch, H
   and Olsen, J and Wilson, AK},
Title = {Basis-set convergence in correlated calculations on Ne, N-2, and H2O},
Journal = {Chem. Phys. Lett.},
Year = {1998},
Volume = {286},
Number = {3-4},
Pages = {243-252},
}
@article{RoosCASPT2,
Author = {Roos, BO and Linse, P and Siegbahn, PEM and Blomberg, MRA},
Title = {A SIMPLE METHOD FOR THE EVALUATION OF THE 2ND-ORDER PERTURBATION ENERGY
   FROM EXTERNAL DOUBLE-EXCITATIONS WITH A CASSCF REFERENCE WAVEFUNCTION},
Journal = {Chem. Phys.},           
Year = {1982},
Volume = {66},
Number = {1-2},
Pages = {197-207},
DOI = {10.1016/0301-0104(82)88019-1},
}
@article{KnowlesCIPT2,
Author = {Celani, P and Stoll, H and Werner, HJ and Knowles, PJ},
Title = {The CIPT2 method: Coupling of multi-reference configuration interaction
   and multi-reference perturbation theory. Application to the chromium
   dimer},
Journal = {Mol. Phys.},
Year = {2004},
Volume = {102},
Number = {21-22},
Pages = {2369-2379},
DOI = {10.1080/00268970412331317788},
}
@article{CT_Chan2007,
Author = {Yanai, Takeshi and Chan, Garnet Kin-Lic},
Title = {Canonical transformation theory from extended normal ordering},
Journal = jcp,
Year = {2007},
Volume = {127},
Number = {10},
Article-Number = {104107},
}
@article{CT_Chan2006,
Author = {Yanai, T and Chan, G. K.-L.},
Title = {Canonical transformation theory for multireference problems},
Journal = jcp,
Year = {2006},
Volume = {124},
Number = {19},
Article-Number = {194106},
}
@article{WernerMRCI_2,
Author = {Shamasundar, K. R. and Knizia, Gerald and Werner, Hans-Joachim},
Title = {A new internally contracted multi-reference configuration interaction
   method},
Journal = jcp,
Year = {2011},
Volume = {135},
Number = {5},
Article-Number = {054101},
}
@article{AngeliNEVPT2,
author = {C. Angeli and R. Cimiraglia and S. Evangelisti and T. Leininger and J.-P. Malrieu},
collaboration = {},
title = {Introduction of n-electron valence states for multireference perturbation theory},
publisher = {AIP},
year = {2001},
journal = jcp,
volume = {114},
number = {23},
pages = {10252-10264},
keywords = {dissociation; perturbation theory; molecular electronic states; orbital calculations},
}
@article{Roos1980,
    Author = {Roos, BO and Taylor, PR},
    Title = {A COMPLETE ACTIVE SPACE SCF METHOD (CASSCF) USING A DENSITY-MATRIX
           FORMULATED SUPER-CI APPROACH},
    Journal = {J. Chem. Phys.},
    Year = {1980},
    Volume = {48},
    Number = {2},
    Pages = {157-173},
    Unique-ID = {ISI:A1980JW46800001},
}
@article{White1992,
    Author = {White, SR},
    Title = {DENSITY-MATRIX FORMULATION FOR QUANTUM RENORMALIZATION-GROUPS},
    Journal = {Phys. Rev. Lett.},
    Year = {1992},
    Volume = {69},
    Number = {19},
    Pages = {2863-2866},
    Month = {NOV 9},
    Unique-ID = {ISI:A1992JX24500033},
}
@article{Dunning1989,
author   ={Dunning, Jr., T. H.},
journal  ={J. Chem. Phys.},
volume   = 90,
pages    =1007,
year     =1989
} 

@article{Chan2011,
    Author = {Yang, Jun and Kurashige, Yuki and Manby, Frederick R. and Chan, Garnet
           K. L.},
    Title = {Tensor factorizations of local second-order Moller-Plesset theory},
    Journal = {J. Chem. Phys.},
    Year = {2011},
    Volume = {134},
    pages = {044123},
    Number = {4},
}
@article{Mazziotti2007,
    Title = {Multireference many-electron correlation energies from two-electron
           reduced density matrices computed by solving the anti-Hermitian
                  contracted Schro uml dinger equation},
    Author = {Mazziotti, D.A.},
    Journal = {Phys. Rev. A},
    Year = {2007},
    Volume = {76},
    Number = {5},
    Pages = {052502-1-8},
    Month = {November},
    Identifying-Codes = {[10.1103/PhysRevA.76.052502]},
    Unique-ID = {INSPEC:9849418},
}
@article{Bartlett1992,
    Author = {Watts, JD and Bartlett, RJ},
    Title = {COUPLED-CLUSTER CALCULATIONS ON THE C2 MOLECULE AND THE C2(+) AND C2(-)
           MOLECULAR-IONS},
    Journal = {J. Chem. Phys.},
    Year = {1992},
    Volume = {96},
    Number = {8},
    Pages = {6073-6084},
    Month = {APR 15},
    Unique-ID = {ISI:A1992HN26800053},
}
@article{Thom2010,
    Author = {Thom, Alex J. W.},
    Title = {Stochastic Coupled Cluster Theory},
    Journal = {Phys. Rev. Lett.},
    Year = {2010},
    Volume = {105},
    Number = {26},
    Month = {DEC 28},
    DOI = {10.1103/PhysRevLett.105.263004},
    pages = {263004},
    Unique-ID = {ISI:000286765200005},
}
@article{Martin1992,
    Author = {M. Martin},
    Journal = {J. Photochem. Photobiol. A: Chem},
    Year = {1992},
    Volume = {66},
    pages = {263},
}
@article{Ballik1963,
    Author = {Ballik, EA and Ramsay, DA},
    Title = {AN EXTENSION OF PHILLIPS SYSTEM OF C2 AND A SURVEY OF C2 STATES},
    Journal = {Astrophys. J.},
    Year = {1963},
    Volume = {137},
    Number = {1},
    Pages = {84},
}
@article{Kowalski2010,
    Author = {Kowalski, P. M.},
    Title = {The origin of peculiar molecular bands in cool DQ white dwarfs},
    Journal = {Astron. Astrophys.},
    Year = {2010},
    Volume = {519},
    Article-Number = {L8},
}
@article{Kutzelnigg2005,
    Author = {Kutzelnigg, W and Mukherjee, D},
    Title = {Minimal parametrization of an n-electron state},
    Journal = {Phys. Rev. A},
    Year = {2005},
    Volume = {71},
    Number = {2},
    Month = {FEB},
    DOI = {10.1103/PhysRevA.71.022502},
    pages = {022502},
    Unique-ID = {ISI:000227483900048},
}
@article{Paldus1971,
Title = {Correlation problems in atomic and molecular systems. III. Rederivation
   of the coupled-pair many-electron theory using the traditional quantum
   chemical methods},
Author = {Cizek, J. and Paldus, J.},
Journal = {Int. J. Quantum Chem.},
Year = {1971},
Volume = {5},
Number = {4},
Pages = {359-79},
Month = {July},
Identifying-Codes = {[A1971-057724]},
Unique-ID = {INSPEC:292248},
}
@article{Varandas2008,
Publication-Type = {J},
Title = {Extrapolation to the complete-basis-set limit and the implications of
   avoided crossings: the X /sup 1/ Sigma /sub g//sup +/, B /sup 1/ Delta
   /sub g/, and B/sup `//sup 1/ Sigma /sub g//sup +/ states of C/sub 2/},
Author = {Varandas, A.J.C.},
Journal = {J. Chem. Phys.},
Year = {2008},
Volume = {129},
Number = {23},
Pages = {234103},
Month = {21 December},
Identifying-Codes = {[10.1063/1.3036115]},
Unique-ID = {INSPEC:10361526},
}
@article{Sherrill2004,
Author = {Abrams, ML and Sherrill, CD},
Title = {Full configuration interaction potential energy curves for the X-1
   Sigma(+)(g), B-1 Delta(g), and B-'1 Sigma(+)(g) states of C-2: A
   challenge for approximate methods},
Journal = {J. Chem. Phys.},
Year = {2004},
Volume = {121},
Number = {19},
Pages = {9211-9219},
DOI = {10.1063/1.1804498},
Unique-ID = {ISI:000224895000002},
}
@article{Sherrill2005,
Author = {Sherrill, CD and Piecuch, P},
Title = {The X-1 Sigma(+)(g), B-1 Delta(g), and B ` (1)Sigma(+)(g) states of
   C-2: A comparison of renormalized coupled-cluster and multireference
   methods with full configuration interaction benchmarks},
Journal = {J. Chem. Phys.},
Year = {2005},
Volume = {122},
Number = {12},
Month = {MAR 22},
DOI = {10.1063/1.1867379},
pages = {124104},
Unique-ID = {ISI:000228287900004},
}
@article{Hiberty2011,
Author = {Su, Peifeng and Wu, Jifang and Gu, Junjing and Wu, Wei and Shaik, Sason
   and Hiberty, Philippe C.},
Title = {Bonding Conundrums in the C-2 Molecule: A Valence Bond Study},
Journal = {J. Chem. Theory Comput.},
Year = {2011},
Volume = {7},
Number = {1},
Pages = {121-130},
Month = {JAN},
}
@article{Khait2010,
    title = "On the inclusion of triple and quadruple electron excitations into MRCISD for multiple states",
    journal = "Chem. Phys. Lett.",
    volume = "493",
    number = "1-3",
    pages = "1 - 10",
    year = "2010",
    note = "",
    author = "Yuriy G. Khait and Wanyi Jiang and Mark R. Hoffmann"
}

@article{Wilson2011,
    author = {Wanyi Jiang and Angela K. Wilson},
    collaboration = {},
    title = {Multireference composite approaches for the accurate study of ground and excited electronic states: C[sub 2], N[sub 2], and O[sub 2]},
    publisher = {AIP},
    year = {2011},
    journal = {J. Chem. Phys.},
    volume = {134},
    number = {3},
    pages = {034101},
}

@article{Wilson2009,
    Author = {Mintz, Benjamin and Williams, T. Gavin and Howard, Levi and Wilson,
           Angela K.},
    Title = {Computation of potential energy surfaces with the multireference
           correlation consistent composite approach},
    Journal = {J. Chem. Phys.},
    Year = {2009},
    Volume = {130},
    Number = {23},
    Month = {JUN 21},
    DOI = {10.1063/1.3149387},
    pages = {234104},
    Unique-ID = {ISI:000267166200009},
}
@article{Douay1988,
    Author = {Douay, M and Nietmann, R and Bernath, PF},
    Title = {NEW OBSERVATIONS OF THE ALPHA-1-PI-U-CHI-1-SIGMA-G+ TRANSITION
           (PHILLIPS SYSTEM) OF C2},
    Journal = {J. Mol. Spectrosc.},
    Year = {1988},
    Volume = {131},
    Number = {2},
    Pages = {250-260},
    Month = {OCT},
    Unique-ID = {ISI:A1988R018100006},
}
@article{Bytautas2005,
    Author = {Bytautas, L and Ruedenberg, K},
    Title = {Correlation energy extrapolation by intrinsic scaling. IV. Accurate
           binding energies of the homonuclear diatomic molecules carbon,
              nitrogen, oxygen and fluorine.},
    Journal = {J. Chem. Phys.},
    Year = {2005},
    Volume = {122},
    Number = {15},
    Month = {APR 15},
    DOI = {10.1063/1869493},
    pages = {154110},
    Unique-ID = {ISI:000229185400014},
}
@article{Bytautas2007,
    Author = {Bytautas, Laimutis and Nagata, Takeshi and Gordon, Mark S. and
           Ruedenberg, Klaus},
    Title = {Accurate ab initio potential energy curve of F-2. I. Nonrelativistic
           full valence configuration interaction energies using the correlation
                  energy extrapolation by intrinsic scaling method},
    Journal = {J. Chem. Phys.},
    Year = {2007},
    Volume = {127},
    Number = {16},
    Month = {OCT 28},
    DOI = {10.1063/1.2800017},
    pages = {164317},
    Unique-ID = {ISI:000250589400038},
}
@article{Saykally1998,
    author = {Van Orden, Alan and Saykally, Richard J.},
    title = {Small Carbon Clusters: Spectroscopy, Structure, and Energetics},
    journal = {Chem. Rev.},
    volume = {98},
    number = {6},
    pages = {2313-2358},
    year = {1998},
}
@article{Coville2010,
    author = {David Edmond Motaung and Mathew Kisten Moodley and E. Manikandan and Neil J. Coville},
    collaboration = {},
    title = {In situ optical emission study on the role of C[sub 2] in the synthesis of single-walled carbon nanotubes},
    publisher = {AIP},
    year = {2010},
    journal = {J. Appl. Phys.},
    volume = {107},
    number = {4},
    pages = {044308},
}
@article{Haser1991,
    Author = {Haser, M and Almlof, J and Feyereisen, MW},
    Title = {{EXPLOITING NON-ABELIAN POINT GROUP SYMMETRY IN DIRECT 2-ELECTRON
           INTEGRAL TRANSFORMATIONS}},
    Journal = {{Theor. Chim. Acta}},
    Year = {{1991}},
    Volume = {{79}},
    Number = {{2}},
    Pages = {115-122},
    Month = {{MAY}},
    Unique-ID = {{ISI:A1991FN37500004}},
}
@article{Shavitt1993,
    Author = {Shavitt, I},
    Title = {{THE HISTORY AND EVOLUTION OF GAUSSIAN-BASIS SETS}},
    Journal = {Isr. J. Chem.},
    Year = {1993},
    Volume = {33},
    Number = {4},
    Pages = {357-367},
}
@book{Herzberg1991,
    author = {G. Herzberg},
    title = {Spectra of Diatomic Molecules, Molecular Spectra and Molecular Structure Vol. 1},
    publisher = {Krieger, Malabar, FL},
    year = {1991}
}
@book{Huber1979,
    author = {K.P. Huber and G. Herzberg},
    title = {Constants of Diatomic Molecules},
    publisher = {Van Nostand Reinhold, New York},
    year = {1979}
}
@book{AngMom,
    author = {D. M. Brink and G. R. Satchler},
    publisher = {Clarendon Press},
    edition = {3rd},
    title = {Angular Momentum},
    year = {1994}
}
@article{Handy1980,
author   ={N. C. Handy},
journal  ={Chem. Phys. Lett.},
volume   = 74,
pages    = 280,
year     = 1980
}
@article{Saxe1981,
author   ={P. Saxe and Schaefer, III, H. F. and N. C. Handy},
journal  ={Chem. Phys. Lett.},
volume   = 79,
pages    = 202,
year     =1981
}
@article{QChem2006,
author = {Y. Shao and L. Fusti-Molnar and Y. Jung and J. Kussmann and C. Ochsenfeld and  S. T. Brown and A. T. B. Gilbert and L. V. Slipchenko and S. V. Levchenko and D. P. O'Neill and Distasio, Jr.,  R. A. and R. C. Lochan and T. Wang and G. J. O. Beran and N. A. Besley and J. M. and Herbert and C. Y. Lin and T. Van Voorhis and S. H. Chien and A. Sodt and R. P. Steele and V. A. Rassolov and P. E. Maslen and P. P. Korambath and R. D. Adamson and B. Austin and J. Baker and E. F. C. Byrd and H. Dachsel and R. J. Doerksen and A. Dreuw and B. D. Dunietz and A. D. Dutoi and T. R. Furlani and S. R. Gwaltney and A. Heyden and S. Hirata and C.-P. Hsu and G. Kedziora and R. Z. Khalliulin and P. Klunzinger and A. M. Lee and M. S. Lee and W. Liang and I. Lotan and N. Nair and B. Peters and E. I. Proynov and P. A. Pieniazek and Y. M. Rhee and J. Ritchie and E. Rosta and C. D. Sherrill and A. C. Simmonett and J. E. Subotnik and Woodcock, III, H. L. and W. Zhang and A. T. Bell and A. K. Chakraborty and D. M. Chipman and F. J. Keil and A. Warshel and W. J. Hehre and Schaefer, III, H. F. and J. Kong and A. I. Krylov and P. M. W. Gill and M. Head-Gordon},
   year     =2006,
   journal  ="Phys. Chem. Chem. Phys.",
   volume   =8,
pages = "3172--3191",
}
@article{Slater1928,
   author   ={Slater, J. C.},
   journal  ={Phys. Rev.},
   year     =1928,
   volume   =31,
   pages    =333 
}
   
@article{Slater-PR29,
   author   ={Slater, J. C.},
   journal  ={Phys. Rev.},
   year     =1929,
   volume   =34,
   pages    =1293
}
@article{Condon-PR30,
   author   ={Condon, E. U.},
   journal  ={Phys. Rev.},
   year     =1930,
   volume   =36,
   pages    =1121
}
@article{Slater-PR31,
   author   ={Slater, J. C.},
   journal  ={Phys. Rev.},
   year     =1931,
   volume   =36,
   pages    =1109
}
@article{Zhang2003,
author   = {S. Zhang and H. Krakauer}, 
journal  = {Phys. Rev. Lett.}, 
year     = 2003,
volume   = 90,
pages    = 136401
}
@article{Alsaidi2006,
author   = {W. A. Al-Saidi and S. Zhang and H. Krakauer}, 
journal  = {J. Chem. Phys.},
year     = 2006,
volume   = 124, 
pages    = 224101 
}
@article{Zhang2009,
author   = {W. Purwanto and S. Zhang and H. Krakauer}, 
journal  = {J. Chem. Phys.},
year     = 2009,
volume   = 130, 
pages    = 094107
}
@article{Alsaidi2007,
    Author = {Al-Saidi, W. A. and Zhang, Shiwei and Krakauer, Henry},
    Title = {Bond breaking with auxiliary-field quantum monte carlo},
    Journal = {J. Chem. Phys.},
    Year = {2007},
    Volume = {127},
    Number = {14},
    Month = {OCT 14},
    DOI = {10.1063/1.2770707},
    pages = {144101},
    Unique-ID = {ISI:000250140800006},
}
@article{Flyvbjerg1989,
author  =  {H. Flyvbjerg and H. G. Petersen},
journal = {J. Chem. Phys.},
year    = 1989,
volume  = 91,
pages   = 461 
}

@book{HuberHerz,
	author	    = {K.~P.~Huber and G.~Herzberg},
	title	    = "Molecular Spectra and Molecular Structure: Constants of Diatomic",
	year	    = {1979},
	publisher   = {Van Nostrand Reinhold, New York}
}

@article{BytautasFit,
author    = "L.~Bytautas and N.~Matsunaga and T.~Nagata and M.~S.~Gordon and K.~Ruedenberg",
title     = "",
journal   = "J.~Chem.~Phys.",
year      = "2007",
volume    = "127",
pages     = "204313",
abstract  = "",
file      = "",
}

% CEEIS of homonuclear diatomics - also took ATcT experimental values out of here.
@article{RuedenbergCEEIS,
author    = "L.~Bytautas and K.~Ruedenberg",
journal   = "J.~Chem.~Phys.",
title     = "Correlation energy extrapolation by intrinsic scaling.~IV.~Accurate binding energies of the homonuclear diatomic molecules carbon, nitrogen, oxygen, and fluorine.",
year      = "2005",
volume    = "122",
pages     = "154110",
abstract  = "",
file      = ""
}

